@book{Ferziger02,
   author =   {J. H. Ferziger and M. Peric},
   title  =   {Computational methods for fluid dynamics},
   publisher=   {Springer},
   address=   {Berlin, Germany},
   edition=   {3},
   year   =   {2002},
   isbn    =     {3-540-42074-6 },
}
@book{batchelor00,
   author =   {G. K. Batchelor},
   title  =   {An introduction to fluid dynamics},
   publisher=   {Cambridge university press},
   address=   {Cambridge, United Kingdom},
   edition=   {3},
   year   =   {2000},
   isbn    =     {0-521-66396-2},
}

@book{Moukalled16,
   author =   {F. Moukalled and M. S. Darwish and L. Mangani},
   title  =   {The finite volume method in computational fluid dynamics: an advanced introduction with {O}pen{FOAM} and {M}atlab},
   publisher=   {Springer-Verlag},
   address=   {Berlin, Germany},
   edition=   {1},
   year   =   {2016},
   isbn    =     {978-3-319-16874-6},
}

@book{Versteeg95,
   author =   {H. K. Versteeg and W. Malalasekera},
   title  =   {An introduction to computational fluid dynamics: The finite volume method},
   publisher=   {Longman Scientific \& Technical},
   address=   {Essex, England},
   edition=   {1},
   year   =   {1995},
   isbn    =     {0-582-21884-5},
}
@book{li17, 
place={Cambridge}, 
title={Numerical Solution of Differential Equations: Introduction to Finite Difference and Finite Element Methods},
publisher={Cambridge University Press}, 
author={Z. Li and Z. Qiao and T. Tang}, 
address=   {Cambridge, United Kingdom},
year={2017}}

@book{blazek15, 
title={Computational Fluid Dynamics: Principles and Applications},
publisher={Elsevier Ltd.}, 
edition=   {3},
author={J. Blazek}, 
%address=   {Cambridge, United Kingdom},
year={2015}}

@book{Strang07,
   author =   {G. Strang},
   title  =   {Computational science and engineering},
   publisher=   {Wellesley-Cambridge Press},
   address=   {United States},
   edition=   {1},
   year   =   {2007},
   isbn    =     {9780961408817},
}

@book{Atkinson08,
   author =   {K. Atkinson and W. Han and D. Steward},
   title  =   {Numerical Solution of Ordinary Differential Equations},
   publisher=   {John Wiley and Sons, Inc.},
   address=   {Hoboken, New Jersey},
   edition=   {3},
   year   =   {2008},
   isbn    =     {9780470042946},
}