
@book{OpenFOAM2007,
  author    = {OpenCFD},
  title     = {OpenFOAM: The Open Source CFD Toolbox. User Guide Version 1.4, OpenCFD Limited},
  year      = {2007},
  publisher = {Reading UK},
}

@book{oFUserGuide,
  author    = {OpenCFD},
  title     = {{OpenFOAM}: The Open Source CFD Toolbox. User Guide},
  year      = {2016},
  edition   = {},
  publisher = {OpenCFD Ltd, UK},
}

@book{oFProgrGuide,
  author    = {OpenCFD},
  title     = {OpenFOAM: The Open Source CFD Toolbox. Programmer's Guide},
  year      = {2016},
  edition   = {},
  publisher = {OpenCFD Ltd, UK},
}

@InProceedings{Sourek20,
  author  = 	 {M. Sourek and M. Isoz},
  title   = 	 {Development of {CFD} solver for four way coupled particle-laden flows},
  booktitle    = {Proceedings of the conference Topical Problems of Fluid Mechanics},
  publisher    = {Institute of Thermomechanics of the Czech Academy of Sciences},
  location     = {Prague, CZ},
  pages        = {214--221},
  year          = 	 {2020},
}

@inproceedings{valgrind,
  author = {N. Nethercote and J. Seward},
  booktitle = {PLDI},
  isbn = {978-1-59593-633-2},
  pages = {89-100},
  publisher = {ACM},
  title = {Valgrind: a framework for heavyweight dynamic binary instrumentation.},
  year = 2007
}


