
@article{Blais16,
  title={A semi-implicit immersed boundary method and its application to viscous mixing},
  author={B. Blais and M. Lassaigne and C. Goniva and L. Fradette and F. Bertrand},
  journal={Comp. and Chem. Eng.},
  volume={85},
  pages={136--146},
  year={2016},
}


@article{Municchi17,
  title={Consistent closures for Euler-Lagrange models of bi-disperse gas-particle suspensions derived from particle-resolved direct numerical simulations},
  author={F. Municchi and S. Radl},
  journal={Int. J. Heat and Mass Trans.},
  volume={111},
  pages={171--190},
  year={2017},
}

@article{Municchi18,
  title={Momentum, heat and mass transfer simulations of bounded dense mono-dispersed gas-particle systems},
  author={F. Municchi and S. Radl},
  journal={Int. J. Heat and Mass Trans.},
  volume={120},
  pages={1146--1161},
  year={2018},
}

@Article{Luding08,
  author  = 	 {S. Luding},
  title   = 	 {Introduction to discrete element methods},
  journal = 	 {Eur. J. Env. Civ. Eng.},
  year    = 	 {2008},
  volume  = 	 {12},
  pages   = 	 {785--826},
}

@Article{Mittal05,
  author  = 	 {R. Mittal and G. Iaccarino},
  title   = 	 {Immersed boundary methods},
  journal = 	 {Annu. Rev. Fluid Mech.},
  year    = 	 {2005},
  volume  = 	 {37},
  pages   = 	 {239--261},
}

@article{leskovjan21,
author = {Leskovjan, Martin and Němec, Jan and Plachá, Marie and Kočí, Petr and Isoz, Martin and Svoboda, Miloš and Novák, Vladimír and Price, Emily and Thompsett, David},
title = {Multiscale Modeling and Analysis of Pressure Drop Contributions in Catalytic Filters},
journal = {Industrial \& Engineering Chemistry Research},
volume = {60},
number = {18},
pages = {6512-6524},
year = {2021},
doi = {10.1021/acs.iecr.0c05362},
}

