@book{johnson1985,
 place={Cambridge},
 title={Contact Mechanics},
 publisher={Cambridge University Press},
 author={Johnson, K. L.},
 year={1985},
}


@article{clauer1979,
  title={Interaction of laser-induced stress waves with metals},
  author={A. H. Clauer and B. P. Fairand},
  journal={Applications of Laser in Material Processing},
  volume={XX (reprinted)},
  pages={YY--YY},
  year={1979},
}

@article{leskovjan21,
author = {M. Leskovjan and J. Němec and M. Plachá and P. Kočí and M. Isoz and M. Svoboda and V. Novák and E. Price and D. Thompsett},
title = {Multiscale Modeling and Analysis of Pressure Drop Contributions in Catalytic Filters},
journal = {	Ind. Eng. Chem. Res.},
volume = {60},
number = {18},
pages = {6512-6524},
year = {2021},
}
@article{mracek15,
title = {Dynamics of N$_2$ and N$_2$O peaks during and after the regeneration of lean NO$_x$ trap},
journal = {Applied Catalysis B: Environmental},
volume = {166-167},
pages = {509-517},
year = {2015},
issn = {0926-3373},
author = {David Mráček and Petr Kočí and Miloš Marek and Jae-Soon Choi and Josh A. Pihl and William P. Partridge},
}


@phdthesis{fan2006,
  author       = {Y. Fan}, 
  title        = {Simulation and characterization of laser induced deformation processes},
  school       = {Columbia University},
  year         = 2006,
}


@InCollection{resseguier2010,
  author      = {T. de Resseguier and J.-P. Cuq-Lelandais and M. Boustie and E. Lescoute and L. Berthe},
  title       = {Wave propagation and dynamic fracture in laser shock-loaded solid materials},
  editor      = {A. Petrin},
  booktitle   = {Wave propagation in materials for modern applications},
  publisher   = {InTech Europe},
  address     = {Rijeka, Croatia},
  year        = {2010},
  pages       = {419--436},
  chapter     = {22},
}

@inproceedings{hlavaty22,
  author = {T. Hlavatý and M. Isoz and P. Kočí},
  year = {2022},
  month = {02},
  pages = {79--86},
  title = {Developing a Coupled CFD Solver for Mass, Momentum and Heat Transport in Catalytic Filters},
  journal = {In Proceedings Topical Problems of Fluid Mechanics 2022, Prague},
}

@inproceedings{hlavaty20,
  author = {T. Hlavatý and M. Isoz and M. Šourek and P. Kočí},
  year = {2020},
  month = {02},
  pages = {82--89},
  title = {Geometrically Realistic Macro-Scale Model for Multi-Scale Simulations of Catalytic Filters for Automotive Gas Aftertreatment},
  journal = {In Proceedings Topical Problems of Fluid Mechanics 2020, Prague},
}

@inproceedings{sourek18a,
  author = {M. Šourek and M. Isoz},
  year = {2018},
  month = {02},
  pages = {265--272},
  title = {DEM-CFD Study of Flow in a Random Packed Bed},
  journal = {In Proceedings Topical Problems of Fluid Mechanics 2022, Prague},
}

@proceeding{ocana2013,
author = { J. L. Ocana and J. A. Porro and M. Diaz and L. Ruiz de Lara and C. Correa and A. Gil-Santos and D. Peral},
title = {Induction of engineered residual stresses fields and enhancement of fatigue life of high reliability metallic components by laser shock processing},
booktitle= {Proc. SPIE 8603, High-Power Laser Materials Processing: Lasers, Beam Delivery, Diagnostics, and Applications II},
volume = {8603D},
year = {2013},
}


@book{OpenFOAM2007,
  author    = {OpenCFD},
  title     = {OpenFOAM: The Open Source CFD Toolbox. User Guide Version 1.4, OpenCFD Limited},
  year      = {2007},
  publisher = {Reading UK},
}

@book{moukalled16,
   author =   {F. Moukalled and M. Darwish and L. Mangani},
   title  =   {The finite volume method in computational fluid dynamics: an advanced introduction with {O}pen{FOAM} and {M}atlab},
   publisher=   {Springer-Verlag},
   address=   {Berlin, Germany},
   edition=   {1},
   year   =   {2016},
   isbn    =     {978-3-319-16874-6},
}

@book{darcy1856,
   author =   {H. Darcy},
   title  =   {Les fontaines publiques de la ville de Dijon},
   publisher=   {Dalmont},
   address=   {Paris, France},
   edition=   {1},
   year   =   {1856},
   isbn    =     {},
}

@article{koci19,
  title={{3D} reconstruction and pore-scale modeling of coated catalytic filters for automotive exhaust gas aftertreatment},
  author={P. Kočí and M. Isoz and M. Placha and A. Arvajova and M. Vaclavik and M. Svoboda and E. Price and V. Novak and D. Thompsett},
  journal={Cat. Today},
  volume={320},
  pages={165--174},
  year={2017},
}

@article{placha19,
  title = {Pore-scale filtration model for coated catalytic filters in automotive exhaust gas aftertreatment},
  journal = {Chem. Eng. Sci.},
  volume = {226},
  pages = {115854},
  year = {2020},
  author = {M. Plachá and P. Kočí and M. and M. Svoboda and E. Price and D. Thompsett and K. Kallis and A. Tsolakis},
}
@article{XPF,
  author = {Schejbal, M. and Štěpánek, J. and Marek, Martin and Kočí, Petr and Kubíček, Milan},
  year = {2010},
  pages = {2365-2375},
  title = {Modelling of soot oxidation by {NO$_2$} in various types of diesel particulate filters},
  volume = {89},
  journal = {Fuel},
  }

@article{sutherland1893,
  title={The viscosity of gases and molecular force},
  author={W. Sutherland},
  journal={Phil. Mag. S. 5},
  volume={36},
  pages={507--531},
  year={1893},
}

@article{nafikov69,
  title={Temperature dependence of the diffusion coefficients of gases},
  author={E.M. Nafikov and A.G. Usmanov},
  journal={Inz.-Fiz. Zhur.},
  volume={17},
  pages={530--534},
  year={1969},
}

@book{poling2001,
   author =   {B.E. Poling and J. M. Prausnitz and J. P. O'Connell},
   title  =   {Properties of gases and liquids},
   publisher=   {McGraw-Hill},
   address=   {New York, USA},
   edition=   {5},
   year   =   {2001},
   isbn    =     {9780070116825},
}

@article{dudak14,
  title={Prediction of diffusivity and conversion of n-decane and {CO} in coated {Pt}/$\gamma$-{Al}$_2${O}$_3$ catalyst depending on porous layer morphology},
  author={M. Dudak and V. Novak and P. Koci and M. Marek and P. Blanco-Garcia and G. Jones},
  journal={App. Cat. B: Env.},
  volume={150--151},
  pages={446--458},
  year={2014},
}

@article{massman98,
  title={A review of the molecular diffusivities of {H}$_2${0}, {CO}$_2$, {CH}$_4$, {CO}, {O}$_3$, {SO}$_2$, {NH}$_3$, {N}$_2${O}, {NO} and {NO}$_2$ in air, {O}$_2$ and {N}$_2$ near {STP}},
  author={W.J. Massman},
  journal={Atm. Env.},
  volume={32},
  pages={1111--1127},
  year={1998},
}

@article{strobel70,
  title={Production and diffusion of {Nitric Oxide}},
  author={D.F. Strobel and D.M. Hunten and M.B. McElroy},
  journal={J. Geophys. Res., Sp. Phys.},
  volume={75},
  pages={4307--4321},
  year={1970},
}

@article{patankar72,
    title = "A calculation procedure for heat, mass and momentum transfer in three-dimensional parabolic flows",
    journal = "Int. J. of Heat and Mass Tr.",
    volume = "15",
    number = "10",
    pages = "1787--1806",
    year = "1972",
  
    author = "S.V. Patankar and D.B Spalding",
}

@article{issa86,
    author = {Issa, R. I. and Gosman, A. D. and Watkins, A. P.},
    doi = {10.1016/0021-9991(86)90100-2},
    journal = {J. Comp. Phys.},
    pages = {66--82},
    title = {The computation of compressible and incompressible recirculating-flows by a noniterative implicit scheme},
    volume = {62},
    year = {1986}
}

@article {demirdzic93,
author = {Demirdzic, I. and Lilek, Z. and Peric, M.},
title = {A collocated finite volume method for predicting flows at all speeds},
journal = {Int. J. Num. Met. Fluids},
volume = {16},
number = {12},
publisher = {John Wiley & Sons, Ltd},
issn = {1097-0363},
pages = {1029--1050},
year = {1993},
}

@book{ferziger02,
   author =   {J. H. Ferziger and M. Peric},
   title  =   {Computational methods for fluid dynamics},
   publisher=   {Springer},
   address=   {Berlin, Germany},
   edition=   {3},
   year   =   {2002},
   isbn    =     {3-540-42074-6 },
}

@phdthesis{jasak96,
  author       = {H. Jasak}, 
  title        = {Error analysis and estimation for the finite volume method with applications to fluid flows},
  school       = {Imperial College of Science, Technology and Medicine},
  year         = 1996,
  month        = 6,
}

@phdthesis{rusche02,
  author       = {H. Rusche}, 
  title        = {Computational fluid dynamics of dispersed two-phase flows at high phase fractions},
  school       = {Imperial College of Science, Technology and Medicine},
  year         = 2002,
  month        = 12,
}

@Article{roenby16,
  author  = 	 {J. Roenby and H. Bredmose and H. Jasak},
  title   = 	 {A computational method for sharp interface advection},
  journal = 	 {R. Soc. Open. Sci.},
  year    = 	 {2016},
  volume  = 	 {3},
  pages   = 	 {160405-1--160405-25},
}

@InProceedings{roenby17,
  author  = 	 {J. Roenby and B. E. Larsen and H. Bredmose and H. Jasak},
  title   = 	 {A new volume-of-fluid method in {O}pen{FOAM}},
  booktitle    = {{VII} International conference on computational methods in marine engineering},
  publisher    = {{MARINE} 2017},
  year    = 	 {2017},
  pagetotal   = 	 {10},
}

@Article{hirt81,
  author  = 	 {C. W. Hirt and B. D. Nichols},
  title   = 	 {Volume of fluid ({VOF}) method for thy dynamics of free boundaries},
  journal = 	 {J. Comp. Phys.},
  year    = 	 {1981},
  volume  = 	 {39},
  issue   =      {1},
  pages   = 	 {201--225},
}

@Article{roenby16,
  author  = 	 {J. Roenby and H. Bredmose and H. Jasak},
  title   = 	 {A computational method for sharp interface advection},
  journal = 	 {R. Soc. Open. Sci.},
  year    = 	 {2016},
  volume  = 	 {3},
  pages   = 	 {160405-1--160405-25},
}

@InProceedings{roenby17,
  author  = 	 {J. Roenby and B. E. Larsen and H. Bredmose and H. Jasak},
  title   = 	 {A new volume-of-fluid method in {O}pen{FOAM}},
  booktitle    = {{VII} International conference on computational methods in marine engineering},
  publisher    = {{MARINE} 2017},
  year    = 	 {2017},
  pagetotal   = 	 {10},
}

@book{pareto1896,
 place={Geneva},
 title={Course d'Economie Politique},
 publisher={Librairie Droz},
 author={V. Pareto},
 year={1896},
}

@book{goldbergBook1989,
 place={Alabama},
 title={Genetic Algorithms in Search, Optimization, and Machine Learning},
 publisher={Addison-Wesley publishing company, inc.},
 author={Goldberg, D. E.},
 year={1989},
}

@book{hollandBook1975,
 place={Massachusetts},
 title={Adaptation in Natural and Artificial Systems},
 publisher={The MIT Press},
 author={Holland, J. H.},
 year={1975},
}

@inproceedings{schaffer1985,
author = {J. Schaffer},
year = {1985},
pages = {93--100},
editor      = {G.J.E Grefensette and J.J. Lawrence Erlbraum},
title = {Multiple Objective Optimization with Vector Evaluated Genetic Algorithms.},
booktitle = {Proceedings of the First Int. Conference on Genetic Algortihms},
}

@book{rechenberg1973,
 place={Stuttgart},
 title={Evolutionsstrategie: Optimierung technischer Systeme nach Prinzipien der biologischen Evolution},
 publisher={Frommann-Holzboog Verlag},
 author={Rechenberg, I.},
 year={1973},
}

@phdthesis{schwefel1975,
author = {Schwefel, H. P.},
year = {1975},
month = {01},
pages = {},
title = {Evolutionsstrategie und Numerische Optimierung},
}

@book{darwin1859,
 place={London},
 title={On the Origin of Species by Means of Natural Selection, or the Preservation of Favoured Races in the Struggle for Life},
 publisher={John Murray, Albemarle Street},
 author={Darwin, C.},
 year={1859},
}

@inproceedings{back1991,
author = {Bäck, T. and Hoffmeister, F. and Schwefel, H. P.},
year = {1991},
month = {01},
pages = {2--9},
title = {A Survey of Evolution Strategies}
}

@article{emmerich2018,
  title={A tutorial on {M}ultiobjective {O}ptimization: {F}undamentals and {E}volutionary {M}ethods},
  author={M.T.M Emmerich and A.H. Deutz},
  journal={Nat. Comput.},
  volume={17},
  pages={585--609},
  year={2018},
}

@inproceedings{goldberg1987,
author = {Goldberg, D. E. and Richardson, J.},
year = {1987},
month = {07},
pages = {41--49},
title = {Genetic Algotihms with Sharing for Multimodal Function Optimization},
journal = {Proceedings of the Second International Conference on Genetic Algortihms}
}

@inproceedings{deb1989,
author = {Deb, K. and Goldberg, D. E.},
year = {1989},
month = {06},
pages = {42--50},
title = {An Investigation of Niche and Species Formation in Genetic Function Optimization},
journal = {Proceedings of the 3rd International Conference on Genetic Algortihms}
}

@inproceedings{goldberg1992,
author = {Goldberg, D. E. and Deb, K. and Horn, J.},
year = {1992},
month = {04},
pages = {37--46},
title = {Massive Multimodality, Deception and Genetic Algorithms},
journal = {Proceedings of the 2nd Conference on Parallel Problem Solving from Nature}
}

@article{deb1995,
author = {Deb, K. and Agrawal, R.},
year = {1995},
pages = {115--148},
title = {Simulated Binary Crossover for Continuous Search Space},
volume = {9},
journal = {Complex Systems}
}

@article{deb1996,
    author = {Deb, K. and Goyal, M.},
    title = {A Combined Genetic Adaptive Search (GeneAS) for Engineering Design},
    journal = {Computer Science and Informatics},
    year = {1996},
    volume = {26},
    pages = {30--45}
}

@book{deb2001,
 place={Chichester},
 title={Multi-objective Optimization Using Evolutionary Algorithms},
 publisher={Wiley},
 author={Deb, K.},
 year={2001},
}

@article{fonseca1995,
    author = {Fonseca, C. M. and Fleming, P. J.},
    title = {An Overview of Evolutionary Algorithms in Multiobjective Optimization},
    journal = {Evolutionary Computation},
    year = {1995},
    volume = {3},
    number = {1},
    pages = {1--16}
}

@inproceedings{louis1993,
    author = {Louis, S. and Rawlins, G. J. E.},
    year = {1993},
    pages = {118--123},
    title = {Pareto Optimality, {GA}-easiness and Deception},
    journal = {Proceedings of the Fifth International Conference on Genetic Algorithms},
}

@article{zitzler2000,
  author={Zitzler, E. and Deb, K. and Thiele, L.},
  journal={Evolutionary Computation},
  title={Comparison of Multiobjective Evolutionary Algorithms: Empirical Results},
  year={2000},
  volume={8},
  number={2},
  pages={173--195},
}

@article{deb2002,
  author={K. Deb and A. Pratap and S. Agarwal and T. Meyarivan},
  journal={IEEE Transs on Evol. Comput.},
  title={A fast and elitist multiobjective genetic algorithm: {NSGA-II}},
  year={2002},
  volume={6},
  number={2},
  pages={182--197},
}

@article{zitzler1999,
  author={E. Zitzler and L. Thiele},
  journal={IEEE Transactions on Evolutionary Computation}, 
  title={Multiobjective evolutionary algorithms: a comparative case study and the strength Pareto approach}, 
  year={1999},
  volume={3},
  number={4},
  pages={257--271},
}

@inproceedings{huband2003,
  author={Huband, S. and Hingston, P. and While, L. and Barone, L.},
  journal={The 2003 Congress on Evolutionary Computation, 2003. CEC '03.},
  title={An evolution strategy with probabilistic mutation for multi-objective optimisation},
  year={2003},
  volume={4},
  pages={2284--2291},
}

@inproceedings{zitzler2001,
author = {Zitzler, E. and Laumanns, M. and Thiele, L.},
year = {2001},
month = {01},
title = {SPEA2: Improving the Strength Pareto Evolutionary Algorithm for Multiobjective Optimization},
volume = {3242},
journal = {SPEA2: Improving the Strength Pareto Evolutionary Algorithm for Multiobjective Optimization}
}

@inproceedings{zitzler2004,
author = {Zitzler, E. and Künzli, S.},
year = {2004},
month = {09},
pages = {832--842},
title = {Indicator-Based Selection in Multiobjective Search},
journal = {Conference on Parallel Problem Solving from Nature (PPSN VIII)},
}

@inproceedings{emmerich2005,
author = {Emmerich, M. and Hochstrate, N. and Naujoks, B.},
year = {2005},
month = {03},
pages = {62--76},
title = {An EMO Algorithm Using the Hypervolume Measure as Selection Criterion},
volume = {3410},
journal = {Lecture Notes in Computer Science},
}

@article{daniels2019,
  title={Automated shape optimization of a plane asymmetric diffuser using combined {C}omputational {F}luid {D}ynamic simulations and multi-objective {B}ayesian methodology},
  author={S.J. Daniels and A.A.M. Rahat and G.R. Tabor and J.E. Fieldsend and R.M. Everson},
  journal={Int. J. Comp. Fl. Dyn.},
  volume={},
  pages={1683165-1--1683165-17},
  year={2019},
}

@article{gagan2014,
  title={Comparative study of turbulence models in application to gas ejectors},
  author={J. Gagan and K. Smierciew and D. Butrymowicz and J. Karwacki},
  journal={Int. J. Therm. Sci.},
  volume={78},
  pages={9--15},
  year={2014},
}

@article{havelka1997,
  title={Effect of the ejector configuration on the gas suction rate and gas hold-up in ejector loop reactors},
  author={P. Havelka and V. Linek and J. Sinkule and J. Zahradnik and M. Fialova},
  journal={Chem. Eng. Sci.},
  volume={52},
  pages={1701--1713},
  year={1997},
}

@article{hongqiang2014,
  title={Effect of the ejector configuration on the gas: {N}umerical investigation of the influences of mixing chamber geometries on steam ejector performance},
  author={W. Hongqiang and L. Zhongliang and H. Bing and L. Yanxia},
  journal={Desalination},
  volume={353},
  pages={15--20},
  year={2014},
}

@article{weina2014,
  title={Numerical study for the influences of primary steam nozzle distance and mixing chamber throat diameter on steam ejector performance},
  author={F. Weina and L. Zhongliang and L. Yanxia and W. Hongqiang},
  journal={Int. J. Therm. Sci.},
  volume={132},
  pages={509--516},
  year={2018},
}

@article{taleghami2018,
  title={Modeling of two-phase transcritical CO$_2$ ejectors for on-design and off-design conditions},
  author={S.T. Taleghani and M. Sorin and S. Poncet},
  journal={Int. J. Refr.},
  volume={87},
  pages={91--105},
  year={2018},
}

@article{sharma2018,
  title={Effect of turbulent dispersion on hydrodynamic characteristics in a liquid jet ejector},
  author={D. Sharma and A. Patwardhan and V. Ranade},
  journal={Energy},
  volume={164},
  pages={10--20},
  year={2018},
}

@article{wang2018,
  title={Auto-tuning ejector for refrigeration system},
  author={L. Wang and J. Liu and T. Zou and J. Du and F. Jia},
  journal={Energy},
  volume={161},
  pages={536--543},
  year={2018},
}


@book{oFUserGuide,
  author    = {OpenCFD},
  title     = {{OpenFOAM}: The Open Source CFD Toolbox. User Guide},
  year      = {2016},
  edition   = {},
  publisher = {OpenCFD Ltd, UK},
}

@book{oFProgrGuide,
  author    = {OpenCFD},
  title     = {OpenFOAM: The Open Source CFD Toolbox. Programmer's Guide},
  year      = {2016},
  edition   = {},
  publisher = {OpenCFD Ltd, UK},
}

@software{platypus,
  author = {{D. Hadka}},
  title = {Platypus, {A} {F}ree and {O}pen {S}ource {P}ython {L}ibrary for {M}ultiobjective {O}ptimization},
  url = {https://github.com/Project-Platypus/Platypus},
  version = {1.0.4},
  date = {2020-04-14},
  year = 2015,
}

@software{pyrenn,
  author = {{D. Atabay, Institute for Energy Economy and Application Technology, Technische Universität München}},
  title = {{pyrenn: A recurrent neural network toolbox for python and matlab}},
  url = {https://pyrenn.readthedocs.io/en/latest/},
  version = {0.1},
  date = {2018-06-30},
}

@TechReport{menter1992,
  author  = 	 {F. R. Menter},
  title   = 	 {Improved two equation k-$\omega$ turbulence models for aerodynamic flows},
  number  =      {N93-22809},
  institution =  {NASA},
  year    = 	 {1992},
  pages   = 	 {34},
}

@InProceedings{hellsten1997,
  author  = 	 {A. Hellsten},
  title   = 	 {Some improvements in {M}enter's k-$\omega$ {SST} turbulence model},
  booktitle    = {Proceedings of the Fluid Dynamics Conference},
  eventdate    = {1997-06-15/1997-06-18},
  publisher    = {AIAA},
  location     = {Albuquerque, USA},
  year    = 	 {1997},
  volume  = 	 {71},
  pages   = 	 {11},
}

@article{launder1974,
  title={The numerical computation of turbulent flows},
  author={B.E. Launder and D.B. Spalding},
  journal={Comp. Meth. App. Mech. Eng.},
  volume={3},
  pages={269--289},
  year={1974},
}

@article{elTahry1983,
  title={k-$\epsilon$ equation for compressible reciprocating engine flows},
  author={S.H. El Tahry},
  journal={J. Energy},
  volume={7},
  pages={345--353},
  year={1983},
}

@article{shih1995,
  title={A new k-$\epsilon$ eddy viscosity model for high {R}eynolds number turbulent flows},
  author={T.H. Shish and W.W. Liou and A. Shabbir and Z. Yang and J. Zhu},
  journal={Comp. Fluids},
  volume={24},
  pages={227--238},
  year={1995},
}

@book{wilcox2006,
  author    = {D.C. Wilcox},
  title     = {Turbulence modeling for CFD},
  year      = {2006},
  edition   = {3},
  publisher = {DCW Industries, USA},
}

@Article{russo2016,
  author  = 	 {F. Russo and N. T. Basse},
  title   = 	 {Scaling of turbulence intensity for low-speed flow in smooth pipes},
  journal = 	 {Flow Meas. Inst.},
  year    = 	 {2016},
  volume  = 	 {52},
  pages   = 	 {101--114},
}

@Article{guhan2015,
  author  = 	 {C. P. Om Ariara Guhan and G. Arthanareeswaren and K.N. Varadarajan},
  title   = 	 {{CFD} study on pressure drop and uniformity index of three cylinder {LCV} exhaust system},
  journal = 	 {Proc. Eng.},
  year    = 	 {2015},
  volume  = 	 {125},
  pages   = 	 {1211--1218},
}

@Article{guhan2016,
  author  = 	 {C. P. Om Ariara Guhan and G. Arthanareeswaren and K.N. Varadarajan and S. Krishnan},
  title   = 	 {Numerical optimization of flow uniformity inside an under body- oval substrate to improve emissions of {IC} engines},
  journal = 	 {J. Comp. Des. Eng.},
  year    = 	 {2016},
  volume  = 	 {3},
  pages   = 	 {198--214},
}
@article{CHANDRA2020123641,
  title = {Direct numerical simulation of a non-isothermal non-adiabatic packed bed reactor},
  journal = {Chem. Eng. J.},
  volume = {385},
  pages = {123641},
  year = {2020},
  issn = {1385-8947},
  author = {V. Chandra and E.A.J.F. Peters and J.A.M. Kuipers},
}

@Article{weltens1993,
  author  = 	 {H. Weltens and H. Bressler and F. Terres and H. Neumaier and D. Rammoser},
  title   = 	 {Optimisation of catalytic converter gas flow distribution by {CFD} prediction},
  journal = 	 {SAE Tech. Pap. Series},
  year    = 	 {1993},
  volume  = 	 {930780},
  pages   = 	 {1--22},
}

@Article{martin1998,
  author  = 	 {A.P. Martin and N.S. Will and A. Bordet and P. Cornet and G. Gondoin and X. Mouton},
  title   = 	 {Effect of flow distribution on emissions performance of catalytic converters},
  journal = 	 {SAE Tech. Pap. Series},
  year    = 	 {1998},
  volume  = 	 {980936},
  pages   = 	 {1--9},
}

@Article{munnannur2011,
  author  = 	 {A. Munnannur and C.M. Creemens and Z.G. Liu},
  title   = 	 {Development of flow uniformity indices for performance evaluation of aftertreatment systems},
  journal = 	 {SAE Int. J. Engines},
  year    = 	 {2011},
  volume  = 	 {4},
  pages   = 	 {1545--1555},
}

@Article{ngo2018,
  author  = 	 {T.T. Ngo and J. Go and T. Zhou and H.V. Nguyen and G. S. Lee},
  title   = 	 {Enhancement of exit flow uniformity by modifying the shape of a gas torch to obtain a uniform temperature distribution on a steel plate during preheating},
  journal = 	 {Appl. Sci.},
  year    = 	 {2018},
  volume  = 	 {8},
  pages   = 	 {2197-1--2197-24},
}

%%% EDIT AND CHECK
@book{nielsen2015,
  author    = {M.A. Nielsen},
  title     = {Neural networks and deep learning},
  year      = {2015},
  edition   = {XX},
  publisher = {Determination press},
  location  = {USA},
}
%%%

@Article{jackson1948,
  author  = 	 {D.H. Jackson},
  title   = 	 {Selection and use of ejectors},
  journal = 	 {Chem. Eng. Proc.},
  year    = 	 {1948},
  volume  = 	 {44},
  pages   = 	 {347--352},
}

@Article{choi2015,
  author  = 	 {S.H. Choi and H.S. Ji and K.C. Kim},
  title   = 	 {Comparative study of hydrodynamic characteristics with respect to direction of installation of gas-liquid ejector system},
  journal = 	 {J. Mech. Sc. Technol.},
  year    = 	 {2015},
  volume  = 	 {29},
  pages   = 	 {3267--3276},
}

@Article{he2009,
  author  = 	 {S. He and Y. Li and R. Wang},
  title   = 	 {Progress of mathematical modeling of ejectors},
  journal = 	 {Ren. Sust. En. Rev},
  year    = 	 {2009},
  volume  = 	 {13},
  pages   = 	 {1760--1780},
}


@article{munday1977,
  author = {Munday, John T. and Bagster, David F.},
  title = {A New Ejector Theory Applied to Steam Jet Refrigeration},
  journal = {Ing. Eng. Chem. Proc. Des. Dev.},
  volume = {16},
  pages = {442-449},
  year = {1977}
}

@article{giechaskiel2004,
	year = 2004,
	volume = {15},
	pages = {2199--2206},
	author = {B. Giechaskiel and L. Ntziachristos and Z. Samaras},
	title = {Calibration and modelling of ejector dilutors for automotive exhaust sampling},
	journal = {Meas. Sci. and Technol.},
}

@article{lu2018,
  title = "Design of cylindrical mixing chamber ejector according to performance analyses",
  journal = "Energy",
  volume = "164",
  pages = "594 -- 601",
  year = "2018",
  author = "W. Lu and H. Chen",
}

@article{ramesh2018,
  title = "Experimental and numerical investigations on the effect of suction chamber angle and nozzle exit position of a steam-jet ejector",
  journal = "Energy",
  volume = "164",
  pages = "1097--1113",
  year = "2018",
  author = "A.S. Ramesh and S.J. Sekhar",
}

@Article{witte1969,
  author  = 	 {J.H. Witte},
  title   = 	 {Mixing shocks in two phase flows},
  journal = 	 {J. Fluid Mech.},
  year    = 	 {1969},
  volume  = 	 {36},
  pages   = 	 {639--????},
}

@Article{utomo2008,
  author  = 	 {T. Utomo and Z. Jin and M. Rahman and H. Jeong and H. Chung},
  title   = 	 {Investigation on hydrodynamics and mass transfer characteristics of a gas-liquid ejector using three dimensional CFD modelling},
  journal = 	 {J. Mech. Sci. Technol.},
  year    = 	 {2008},
  volume  = 	 {22},
  pages   = 	 {1821--????},
}


@article{zhang2007,
  author={Zhang, Q. and Li, H.},
  journal={IEEE Transactions on Evolutionary Computation},
  title={MOEA/D: A Multiobjective Evolutionary Algorithm Based on Decomposition},
  year={2007},
  volume={11},
  number={6},
  pages={712--731},
}
@article{godunov59,
  title={A difference method for numerical calculation of discontinuous solution of equations of hydrodynamics},
  author={S.K. Godunov},
  journal={Mat. Sb. (N.S.)},
  volume={47},
  pages={271--306},
  year={1959},
}
@article{harten83,
  title = {High resolution schemes for hyperbolic conservation laws},
  journal = {J. Comput. Phys.},
  volume = {49},
  pages = {357-393},
  year = {1983},
  author = {A. Harten},
}

@article{fuller66,
  title={New method for prediction of binary gas-phase diffusion coefficients},
  author={E. N. Fuller and P. D. Schettler and J. C. Giddings},
  journal={Ind. Eng. Chem. Res.},
  volume={58},
  number={5},
  pages={18--27},
  year={1966},
  publisher={ACS Publications}
}

@article{opletal2018,
	author = {M. Opletal and P. Novotny and V. Linek and T. Moucha and M. Kordac},
	journal = {Chem. Eng. J.},
	title = {Gas suction and mass transfer in gas-liquid up-flow ejector loop reactors.	Effect of nozzle and ejector geometry},
	volume = {353},
	year = {2018},
	pages = {436-452}
}


@Article{Xu17,
  author  = 	 {J. Xu and L. Zikatanov},
  title   = 	 {Algebraic Multigrid methods},
  journal = 	 {Acta Numer.},
  year    = 	 {2017},
  volume  = 	 {26},
  pages   = 	 {591--721},
}

@Article{Wesseling01,
  author  = 	 {P. Wesseling and C. W. Oosterlee},
  title   = 	 {Geometric multigrid with applications to computational fluid dynamics},
  journal = 	 {J. Comp. App. Math.},
  year    = 	 {2001},
  volume  = 	 {128},
  pages   = 	 {311--334},
}

@Article{Stuben01,
  author  = 	 {K. Stuben},
  title   = 	 {A review of algebraic multigrid},
  journal = 	 {J. Comp. App. Math.},
  year    = 	 {2001},
  volume  = 	 {128},
  pages   = 	 {281--309},
}

@ARTICLE{Courant67,
  author={Courant, R. and Friedrichs, K. and Lewy, H.},
  journal={	IBM J. Res. Dev.}, 
  title={On the Partial Difference Equations of Mathematical Physics}, 
  year={1967},
  volume={11},
  number={2},
  pages={215-234},
}

@Article{Stiefel52,
  author  = 	 {M. R. Henstenes and E. Stiefel},
  title   = 	 {Methods of conjugate gradients for solving linear systems},
  journal = 	 {J. Res. Nat. Bureau Stand},
  year    = 	 {1952},
  volume  = 	 {49},
  pages   = 	 {409--436},
}

@article{Vorst02,
  author = {van der Vorst, H. A.},
  title = {Bi-CGSTAB: A Fast and Smoothly Converging Variant of Bi-CG for the Solution of Nonsymmetric Linear Systems},
  journal = {SIAM J Sci Comput},
  volume = {13},
  number = {2},
  pages = {631-644},
  year = {1992},
}

@article{NOVAK12,
  title = {Multi-scale modelling and measurements of diffusion through porous catalytic coatings: An application to exhaust gas oxidation},
  journal = {Cat. Today},
  volume = {188},
  number = {1},
  pages = {62-69},
  year = {2012},
  author = {V. Novák and P. Kočí and M. Marek and F. and P. Blanco-García and G. Jones},
}
@article{Johnson16,
  title={Vehicular Emissions in Review},
  author={T. Johnson},
  journal={SAE Int.},
  volume={9},
  pages={1258-1275},
  year={2016},
}
@article{Barry01,
author = {B. A. A. L. van Setten  and  M. Makkee  and  J. A. Moulijn },
title = {Science and technology of catalytic diesel particulate filters},
journal = {Cat. Rev.},
volume = {43},
number = {4},
pages = {489-564},
year  = {2001},
%publisher = {Taylor & Francis},
}
@article{Southward10,
  title={On the Development of Low PGM Content Direct Soot Combustion Catalysts for Diesel Particulate Filters},
      journal={SAE Int.},
  author={B. W. L. Southward and S. Basso and M. Pfeifer},
  year={2010},
}
@article{Maunula07,
  title={Catalyzed Particulate Filters for Mobile Diesel Applications},
    journal={SAE Int.},
  author={T. Maunula and P. Matilainen and M. Louhelainen and P. Juvonen},
  year={2007},
}

@techreport{zpravaSpolanaRejl,
  author      = "T. Moucha and F. Rejl and L. Valenz",
  title       = "Výpočty teploty stěn trubek oxichloračních reaktorů R302 a R304",
  institution = "University of Chemistry and Technology",
  year        = "2020"
}

@techreport{zpravaSpolanaMartin,
  author      = "T. Moucha and M. Isoz",
  title       = "Lokální teplotní maxima vnitřní stěny trubek oxichloračního reaktoru R302 při kontaktu s částicemi katalyzátoru",
  institution = "University of Chemistry and Technology",
  year        = "2021"
}

@techreport{zpravaSpolanaMy,
  author      = "M. Sventek and T. Hlavatý and O. Gebouský and K. Lukášová",
  title       = "Vliv kontaktu katalyzátoru se stěnou trubky v R302 na její lokální přehřátí",
  institution = "University of Chemistry and Technology",
  year        = "2022"
}
@article{Lien94,
  author = {Lien, F. S. and Leschziner, M. A.},
  title = {Upstream monotonic interpolation for scalar transport with application to complex turbulent flows},
  journal = {Int. J. Numer. Methods Fluids},
  volume = {19},
  number = {6},
  pages = {527-548},
  keywords = {Monotonic interpolation, TVD, MUSCL, Turbulence transport, Modelling, Numerical accuracy},
  year = {1994}
}

@article{Jasak99,
  author = {Jasak, H. and Weller, H.G. and Gosman, A.D.},
  title = {High resolution NVD differencing scheme for arbitrarily unstructured meshes},
  journal = {Int. J. Heat Mass Transf.},
  volume = {31},
  number = {2},
  pages = {431-449},
  keywords = {convection discretisation, boundedness, unstructured meshes},
  year = {1999}
}
@article{MUSCL,
  title = {Towards the ultimate conservative difference scheme. V. A second-order sequel to Godunov's method},
  journal = {J. Comput. Phys.},
  volume = {32},
  number = {1},
  pages = {101-136},
  year = {1979},
  author = {B. {van Leer}},
}
@article{vanLeer74,
  title = {Towards the ultimate conservative difference scheme. II. Monotonicity and conservation combined in a second-order scheme},
  journal = {J. Comput. Phys.},
  volume = {14},
  number = {4},
  pages = {361-370},
  year = {1974},
  author = {B. {van Leer}},
}
@article{darwish03,
  title = {TVD schemes for unstructured grids},
  journal = {Int. J. Heat Mass Transf.},
  volume = {46},
  number = {4},
  pages = {599-611},
  year = {2003},
  issn = {0017-9310},
  author = {M.S. Darwish and F. Moukalled},
}
@article{Kwon10,
  author = {H. J. Kwon and J. H. Baik and S. B. Kang and I. Nam and B. J. Yoon and S.H. Oh},
  title = {Simulation of a Nonisothermal Modern Three-Way Catalyst Converter},
  journal = {	Ind. Eng. Chem. Res.},
  volume = {49},
  number = {15},
  pages = {7039-7051},
  year = {2010},
}
@Article{Chrysovalantis19,
  AUTHOR = {T. C. Chrysovalantis and N. G. Papayannakos},
  TITLE = {Mass and Heat Transfer Coefficients in Automotive Exhaust Catalytic Converter Channels},
  JOURNAL = {Catalysts},
  VOLUME = {9},
  YEAR = {2019},
  NUMBER = {6},
  ARTICLE-NUMBER = {507},
}
@article{dammalapati21,
  author = {S. Dammalapati and P. Aghalayam and N. Kaisare},
  title = {Modeling the Effects of the Inlet Manifold Design on the Performance of a Diesel Oxidation Catalytic Converter},
  journal = {Ind. Eng. Chem. Res.},
  volume = {60},
  number = {10},
  pages = {3860-3870},
  year = {2021},
}


@article{CHAKRAVARTHY2003289,
title = {Multi-dimensional simulations of cold-start transients in a catalytic converter under steady inflow conditions},
journal = {	Appl. Catal. A: Gen.},
volume = {241},
number = {1},
pages = {289-306},
year = {2003},
author = {V.K. Chakravarthy and J.C. Conklin and C.S. Daw and E.F. D’Azevedo},

}

@article{Hayes12,
title = {CFD modelling of the automotive catalytic converter},
journal = {Cat. Today},
volume = {188},
number = {1},
pages = {94-105},
year = {2012},
author = {R.E. Hayes and A. Fadic and J. Mmbaga and A. Najafi},
}

@misc{monolith,
  title = {Monolith Research Group},
  howpublished = {\url{http://monolith.vscht.cz/?jazyk=cs}},
  note = {Accessed: 2022-05-08}
}

@ARTICLE{vaclavik17,
author = {Václavík, M. and Plachá, M. and Kočí, P. and Svoboda, M. and Hotchkiss, T. and Novák, V. and Thompsett, D.},
title={Structure characterisation of catalytic particulate filters for automotive exhaust gas aftertreatment},
journal={Mater. Charact.},
year={2017},
volume={134},
pages={311-318},
document_type={Article},
}

@Inbook{Hettel2018,
author="Hettel, M. 
and W{\"o}rner, M.
and Deutschmann, O.",
editor="Andreoni, W.
and Yip, S.",
title="Computational Fluid Dynamics of Catalytic Reactors",
bookTitle="Handbook of Materials Modeling: Applications: Current and Emerging Materials",
year="2018",
publisher="Springer International Publishing",
address="Cham",
pages="1--34",
}

@article{Jurtz2019,
author = {N. Jurtz and M. Kraume and G. D. Wehinger},
title = {Advances in fixed-bed reactor modeling using particle-resolved computational fluid dynamics (CFD)},
journal = {	Rev. Chem. Eng.},
number = {2},
volume = {35},
year = {2019},
pages = {139--190},
}


