@phdthesis{Jasak96,
  author       = {H. Jasak}, 
  title        = {Error analysis and estimation for the finite volume method with applications to fluid flows},
  school       = {Imperial College of Science, Technology and Medicine},
  year         = 1996,
  month        = 6,
}

@phdthesis{Rusche02,
  author       = {H. Rusche}, 
  title        = {Computational fluid dynamics of dispersed two-phase flows at high phase fractions},
  school       = {Imperial College of Science, Technology and Medicine},
  year         = 2002,
  month        = 12,
}

@phdthesis{Isoz18,
  author       = {M. Isoz}, 
  title        = {Dynamics of rivulets and other multiphase flows},
  school       = {University of Chemistry and Technology, Prague},
  year         = 2018,
  month        = 08,
}

@mastersthesis{Blazek19,
  author	   = {M. Blažek},
  title        = {Aktivita a tlaková ztráta monolitického filtru v závislosti na vlastnostech nanesené katalytické vrstvy},
  school       = {University of Chemistry and Technology, Prague},
  year         = 2019
}

@mastersthesis{Kika21,
  author	   = {K. Idžakovičová},
  title        = {Multiscale modeling of gas flow and reaction in honeycomb filters with a non-uniform catalyst distribution},
  school       = {University of Chemistry and Technology, Prague},
  year         = 2020
}

@bachelorthesis{HlavatyBC,
  author	   = {T. Hlavatý},
  title        = {Developing a reliable macro-scale CFD model for multi-scale simulations of catalytic filters for automotive exhaust gas aftertreatment},
  school       = {University of Chemistry and Technology, Prague},
  year         = 2020
}

@bachelorthesis{kellerovaBC,
  author	   = {J. Kellerová},
  title        = {Kriteriální rovnice pro volnou a nucenou konvekci beze změny skupenství},
  school       = {Technical University of Liberec},
  year         = 2020
}

@phdthesis{Wehinger16,
  author       = {G.D. Wehinger}, 
  title        = {Particle-resolved {CFD} simulations of catalytic flow reactors},
  school       = {Technical University Berlin},
  year         = 2016,
  month        = 07,
}

@bachelorthesis{Sourek18,
  author       = {M. Šourek}, 
  title        = {DEM-CFD study of flow in random packed beds},
  school       = {University of Chemistry and Technology, Prague},
  year         = 2018,
  %~month        = 08,
}
